<?xml version="1.0" encoding="UTF-8"?><collection xmlns="http://www.loc.gov/MARC21/slim"><record><leader>00369nam--2200133-i-4500</leader><controlfield tag="001">000036298</controlfield><controlfield tag="002">20161230</controlfield><controlfield tag="005">20161230201040</controlfield><controlfield tag="008">060222s1000------------r-----000-0-eng-d</controlfield><datafield ind1=" " ind2=" " tag="080"><subfield code="a">621.785=03.82=20</subfield></datafield><datafield ind1=" " ind2=" " tag="100"><subfield code="a">Novicov, I</subfield></datafield><datafield ind1=" " ind2=" " tag="245"><subfield code="a">Theory of heat treatment of metals. transl.from the russianb by v.afanasyev</subfield></datafield><datafield ind1=" " ind2=" " tag="260"><subfield code="a">Moscow, Mir Publ., 1974, 435p</subfield></datafield><datafield ind1=" " ind2=" " tag="852"><subfield code="a">47830</subfield></datafield></record></collection>